@book{adams1995hitchhiker,
  title={The Hitchhiker's Guide to the Galaxy},
  author={Adams, D.},
  isbn={9781417642595},
  url={http://books.google.com/books?id=W-xMPgAACAAJ},
  year={1995},
  publisher={San Val}
}

@techreport{FDS_Math_Guide,
  author = {K.B. McGrattan and S. Hostikka and J.E. Floyd and W.E. Mell and R. McDermott},
  title = {{Fire Dynamics Simulator, Technical Reference Guide, Volume 1: Mathematical Model}},
  institution = {National Institute of Standards and Technology},
  year = 2007,
  month = {October},
  type = {NIST Special Publication},
  number = {1018},
  address = {Gaithersburg, Maryland}
}

@ARTICLE{Beyler:Hood,
  author       = {Belyer, C.},
  title        = {{Major Species Production by Diffusion Flames in a Two-Layer Compartment Fire Environment}},
  journal      = {Fire Safety Journal},
  volume       = {10},
  pages        = {47--56},
  year         = {1986},
}

@techreport{Thompson:2008,
  author = {A. Thompson and B.N. Taylor},
  title = {{The NIST Guide for the Use of the International System of Units}},
  intstitution = {National Institute of Standards and Technology},
  year = 2008,
  type = {NIST Special Publication},
  number = {881},
  note = {\url{http://www.nist.gov/pml/pubs/sp811/index.cfm}}
}